<record><leader>00000cas a22000007a 4500</leader><controlfield tag="001">11800370</controlfield><controlfield tag="008">850313d18692016wiuwr ne      0    0eng d</controlfield><datafield ind1=" " ind2=" " tag="010"><subfield code="a">sn 85033272 </subfield></datafield><datafield ind1=" " ind2=" " tag="040"><subfield code="a">NPU</subfield><subfield code="b">eng</subfield><subfield code="c">NPU</subfield><subfield code="d">NPV</subfield><subfield code="d">DLC</subfield><subfield code="d">MGN</subfield><subfield code="d">GZM</subfield><subfield code="d">DLC</subfield></datafield><datafield ind1=" " ind2=" " tag="032"><subfield code="a">509400</subfield><subfield code="b">USPS</subfield></datafield><datafield ind1=" " ind2=" " tag="037"><subfield code="b">114 West Oak St., Sparta, Wis. 54656</subfield></datafield><datafield ind1=" " ind2=" " tag="042"><subfield code="a">msc</subfield></datafield><datafield ind1=" " ind2=" " tag="045"><subfield code="a">w6--</subfield></datafield><datafield ind1="0" ind2="0" tag="050"><subfield code="a">Newspaper 7002</subfield></datafield><datafield ind1=" " ind2=" " tag="052"><subfield code="a">4123</subfield><subfield code="b">M7</subfield></datafield><datafield ind1="0" ind2=" " tag="130"><subfield code="a">Sparta herald (Sparta, Wis. : 1869)</subfield></datafield><datafield ind1="1" ind2="0" tag="245"><subfield code="a">Sparta herald.</subfield></datafield><datafield ind1=" " ind2=" " tag="260"><subfield code="a">Sparta, Monroe County, Wis. :</subfield><subfield code="b">D. McBride &amp; Son,</subfield><subfield code="c">1869-2016.</subfield></datafield><datafield ind1=" " ind2=" " tag="300"><subfield code="a">v. :</subfield><subfield code="b">ill ;</subfield><subfield code="c">66 cm.</subfield></datafield><datafield ind1=" " ind2=" " tag="310"><subfield code="a">Weekly</subfield></datafield><datafield ind1=" " ind2=" " tag="321"><subfield code="a">Weekly,</subfield><subfield code="b">April 13, 1869-July 8, 1926</subfield></datafield><datafield ind1=" " ind2=" " tag="321"><subfield code="a">Semiweekly,</subfield><subfield code="b">July 12-Dec. 30, 1926</subfield></datafield><datafield ind1=" " ind2=" " tag="336"><subfield code="a">text</subfield><subfield code="b">txt</subfield><subfield code="2">rdacontent</subfield></datafield><datafield ind1=" " ind2=" " tag="337"><subfield code="a">unmediated</subfield><subfield code="b">n</subfield><subfield code="2">rdamedia</subfield></datafield><datafield ind1=" " ind2=" " tag="338"><subfield code="a">volume</subfield><subfield code="b">nc</subfield><subfield code="2">rdacarrier</subfield></datafield><datafield ind1="0" ind2=" " tag="362"><subfield code="a">New Series, Vol. 1, no. 1 (April 13, 1869)-v. 54, no. 52 (Feb. 19, 1925) ; v. 70, no. 1 (Feb. 26, 1925)-v. 157, no. 4 (Jan. 25, 2016).</subfield></datafield><datafield ind1=" " ind2=" " tag="500"><subfield code="a">Publisher varies.</subfield></datafield><datafield ind1=" " ind2=" " tag="500"><subfield code="a">Editors: J.W. Spradling &amp; B.R. McCoy, Sept. 18, 1924-Dec. 16, 1926; T.C. Radde, May 19, 1932-May 26, 1947; D.P. Radde, June 2, 1947-Feb. 21, 1966; C. Masters, Sept. 17, 1973-April 27, 1981; W.V. Gleiss, May 4, 1981-</subfield></datafield><datafield ind1=" " ind2=" " tag="515"><subfield code="a">Drops new series designation with: v. 13, no. 25 (Oct. 11, 1881).</subfield></datafield><datafield ind1=" " ind2=" " tag="525"><subfield code="a">Supplements accompany some issues.</subfield></datafield><datafield ind1=" " ind2="0" tag="651"><subfield code="a">Sparta (Wis.)</subfield><subfield code="v">Newspapers.</subfield></datafield><datafield ind1=" " ind2=" " tag="752"><subfield code="a">United States</subfield><subfield code="b">Wisconsin</subfield><subfield code="c">Monroe</subfield><subfield code="d">Sparta.</subfield></datafield><datafield ind1="0" ind2="8" tag="776"><subfield code="i">Microfilm version:</subfield><subfield code="t">Sparta herald (Sparta, Wis. : 1869)</subfield><subfield code="w">(OCoLC)937721561</subfield></datafield><datafield ind1="0" ind2="0" tag="780"><subfield code="t">Sparta Democrat (Sparta, Wis. : 1867)</subfield></datafield><datafield ind1="0" ind2="7" tag="785"><subfield code="t">Monroe County democrat (Sparta, Wis. : 1895)</subfield><subfield code="w">(DLC)sn 86086478</subfield><subfield code="w">(OCoLC)13572554</subfield></datafield><datafield ind1="0" ind2="7" tag="785"><subfield code="t">Monroe County herald</subfield><subfield code="x">2470-9271</subfield><subfield code="w">(DLC)  2016200191</subfield><subfield code="w">(OCoLC)937396829</subfield></datafield><datafield ind1="1" ind2=" " tag="029"><subfield code="a">AU@</subfield><subfield code="b">000025835846</subfield></datafield></record>